replace these by your own resources

@article{harary,
  author  = {F. Harary},
  journal = {Michigan Math J.},
  title   = {On the notion of balance of a signed graph},
  volume  = {2},
  year    = {1953},
  pages   = {143-146}
}

@article{zaslavsky,
  author  = {T. Zaslavsky},
  journal = {Discrete Applied Mathematics},
  title   = {Signed graphs},
  volume  = {1},
  year    = {1982},
  pages   = {47-74}
}

@article{chromatic-number,
  author  = {E. Máčajová, A. Raspaud, M. Škoviera},
  journal = {Electron J. Comb.},
  title   = {The chromatic number of a signed graph},
  volume  = {},
  year    = {2016},
  pages   = {1-10}
}

@article{moore_hard_tiling,
  author  = {C. Moore and J. M. Robson},
  title   = {Hard Tiling Problems with Simple Tiles},
  doi     = {10.1007/s00454-001-0047-6},
  journal = {Discrete {\&} Computational Geometry},
  month   = jan,
  number  = {4},
  pages   = {573-590},
  volume  = {26},
  year    = {2001}
}

@book{golomb_polyomino_book,
  author    = {S. W. Golomb},
  title     = {Polyominoes: Puzzles, patterns, problems, and packings},
  edition   = {2nd},
  publisher = {Princeton University Press},
  year      = {1994}
}

@misc{cadical_github,
  author       = {A. Biere},
  title        = {{CaDiCaL} {S}implified {S}atisfiability {S}olver},
  note         = {Retrieved May 5, 2022},
  howpublished = {\url{https://github.com/arminbiere/cadical}}
}

@manual{sage,
  author = {{The Sage Developers}},
  title  = {{S}ageMath, the {S}age {M}athematics {S}oftware {S}ystem ({V}ersion 9.4)},
  key    = {SageMath},
  note   = {\url{https://www.sagemath.org}},
  year   = {2021}
}
